<?xml version="1.0" encoding="UTF-8"?>
<record xmlns="http://www.loc.gov/MARC21/slim">
   <leader>01386cam a2200373 a 4500</leader>
   <controlfield tag="001">1829727</controlfield>
   <controlfield tag="005">19961230031716.0</controlfield>
   <controlfield tag="008">970312s1996    abc          s000 0 eng d</controlfield>
   <datafield tag="016" ind1=" " ind2=" ">
      <subfield code="a">978002067</subfield>
   </datafield>
   <datafield tag="035" ind1=" " ind2=" ">
      <subfield code="a">ocm36339010</subfield>
   </datafield>
   <datafield tag="040" ind1=" " ind2=" ">
      <subfield code="a">CaOONL</subfield>
      <subfield code="b">eng</subfield>
      <subfield code="c">CaOONL</subfield>
      <subfield code="d">AEU</subfield>
      <subfield code="d">AEE</subfield>
   </datafield>
   <datafield tag="043" ind1=" " ind2=" ">
      <subfield code="a">n-cn-ab</subfield>
   </datafield>
   <datafield tag="082" ind1="1" ind2=" ">
      <subfield code="a">354.71230084</subfield>
      <subfield code="2">12</subfield>
   </datafield>
   <datafield tag="090" ind1=" " ind2=" ">
      <subfield code="a">HN 110 A4 C498 1996</subfield>
      <subfield code="b">AEED</subfield>
   </datafield>
   <datafield tag="090" ind1=" " ind2=" ">
      <subfield code="a">HV 1559 C2 A333 1996</subfield>
      <subfield code="b">AEE</subfield>
   </datafield>
   <datafield tag="090" ind1="0" ind2=" ">
      <subfield code="a">HV 1559 C2 C58 1996</subfield>
      <subfield code="b">AEU</subfield>
   </datafield>
   <datafield tag="240" ind1="0" ind2="0">
      <subfield code="a">Citizenship, opportunity, fairness :</subfield>
      <subfield code="b">Alberta in the new millennium : a discussion paper.</subfield>
   </datafield>
   <datafield tag="245" ind1="0" ind2="0">
      <subfield code="a">Citizenship, opportunity, fairness :</subfield>
      <subfield code="b">Alberta in the new millennium : a discussion paper.</subfield>
   </datafield>
   <datafield tag="260" ind1=" " ind2=" ">
      <subfield code="a">[Edmonton] :</subfield>
      <subfield code="b">Premier's Council on the Status of Persons with Disabilities, Alberta,</subfield>
      <subfield code="c">1996.</subfield>
   </datafield>
   <datafield tag="300" ind1=" " ind2=" ">
      <subfield code="a">12 p. ;</subfield>
      <subfield code="c">28 cm.</subfield>
   </datafield>
   <datafield tag="336" ind1=" " ind2=" ">
      <subfield code="a">text</subfield>
      <subfield code="b">txt</subfield>
      <subfield code="2">rdacontent</subfield>
   </datafield>
   <datafield tag="337" ind1=" " ind2=" ">
      <subfield code="a">unmediated</subfield>
      <subfield code="b">n</subfield>
      <subfield code="2">rdamedia</subfield>
   </datafield>
   <datafield tag="338" ind1=" " ind2=" ">
      <subfield code="a">volume</subfield>
      <subfield code="b">nc</subfield>
      <subfield code="2">rdacarrier</subfield>
   </datafield>
   <datafield tag="500" ind1=" " ind2=" ">
      <subfield code="a">Cover title.</subfield>
   </datafield>
   <datafield tag="500" ind1=" " ind2=" ">
      <subfield code="a">"September 1996".</subfield>
   </datafield>
   <datafield tag="530" ind1=" " ind2=" ">
      <subfield code="a">Issued also on audio cassette.</subfield>
   </datafield>
   <datafield tag="596" ind1=" " ind2=" ">
      <subfield code="a">2 38</subfield>
   </datafield>
   <datafield tag="650" ind1=" " ind2="0">
      <subfield code="a">Social prediction</subfield>
      <subfield code="z">Alberta.</subfield>
   </datafield>
   <datafield tag="650" ind1=" " ind2="0">
      <subfield code="a">People with disabilities</subfield>
      <subfield code="z">Alberta.</subfield>
   </datafield>
   <datafield tag="651" ind1=" " ind2="0">
      <subfield code="a">Alberta</subfield>
      <subfield code="x">Social policy.</subfield>
   </datafield>
   <datafield tag="710" ind1="1" ind2=" ">
      <subfield code="a">Alberta.</subfield>
      <subfield code="b">Premier's Council on the Status of Persons with Disabilities.</subfield>
   </datafield>
   <datafield tag="926" ind1=" " ind2=" ">
      <subfield code="a">AGL_CAP</subfield>
      <subfield code="b">ON_SHELF</subfield>
      <subfield code="c">HV 1559 C2 A333 1996</subfield>
      <subfield code="d">BOOK</subfield>
      <subfield code="f">1</subfield>
   </datafield>
   <datafield tag="926" ind1=" " ind2=" ">
      <subfield code="a">AGL_CAP</subfield>
      <subfield code="b">ARCHIVES</subfield>
      <subfield code="c">HV 1559 C2 A333 1996</subfield>
      <subfield code="d">NO_LOAN</subfield>
      <subfield code="f">2</subfield>
   </datafield>
   <datafield tag="926" ind1=" " ind2=" ">
      <subfield code="a">UABARD</subfield>
      <subfield code="b">ON_SHELF</subfield>
      <subfield code="c">HV 1559 C2 C58 1996</subfield>
      <subfield code="d">BOOK</subfield>
      <subfield code="f">1</subfield>
   </datafield>
   <datafield tag="926" ind1=" " ind2=" ">
      <subfield code="a">UABARD</subfield>
      <subfield code="b">ON_SHELF</subfield>
      <subfield code="c">HV 1559 C2 C58 1996</subfield>
      <subfield code="d">BOOK</subfield>
      <subfield code="f">2</subfield>
   </datafield>
</record>
